@article{Min2019,
author = {Min, Hou and Ping, Zhang Li},
doi = {10.1145/3312662.3312707},
file = {:D$\backslash$:/DocumentsOrganize//Min, Ping{\_}2019{\_}Survey on software clone detection research.pdf:pdf},
isbn = {9781450361897},
journal = {ACM International Conference Proceeding Series},
keywords = {Clone code,Clone detection,Clone management,Clone type,Software maintenance},
pages = {9--16},
title = {{Survey on software clone detection research}},
year = {2019}
}
@article{Li2017,
author = {Li, Liuqing and Feng, He and Zhuang, Wenjie and Meng, Na and Ryder, Barbara},
doi = {10.1109/ICSME.2017.46},
file = {:D$\backslash$:/DocumentsOrganize/Li et al.{\_}2017{\_}CCLearner A deep learning-based clone detection approach.pdf:pdf},
isbn = {9781538609927},
journal = {Proceedings - 2017 IEEE International Conference on Software Maintenance and Evolution, ICSME 2017},
keywords = {Clone detection,Deep learning,Empirical},
pages = {249--260},
title = {{CCLearner: A deep learning-based clone detection approach}},
year = {2017}
}
@article{White2016,
author = {White, Martin and Tufano, Michele and Vendome, Christopher and Poshyvanyk, Denys},
doi = {10.1145/2970276.2970326},
file = {:D$\backslash$:/DocumentsOrganize/White et al.{\_}Unknown{\_}Deep Learning Code Fragments for Code Clone Detection.pdf:pdf},
isbn = {9781450338455},
journal = {ASE 2016 - Proceedings of the 31st IEEE/ACM International Conference on Automated Software Engineering},
keywords = {Abstract syntax trees,Code clone detection,Deep learning,Language models,Machine learning,Neu-ral networks},
pages = {87--98},
title = {{Deep learning code fragments for code clone detection}},
year = {2016}
}
@article{Roy2017,
author = {Roy, Chanchal K and Cordy, James R and Koschke, Rainer},
file = {:D$\backslash$:/DocumentsOrganize/Roy, Cordy, Koschke{\_}2017{\_}Comparison And Evaluation of Code Clone Detection Techniques.pdf:pdf},
issn = {2321-9653},
journal = {International Journal for Research in Applied Science and Engineering Technology},
keywords = {clone detection,comparison,scenario-based evaluation,software clone},
number = {XII},
pages = {473--476},
title = {{Comparison And Evaluation of Code Clone Detection Techniques}},
volume = {5},
year = {2017}
}
@article{Kim2011,
author = {Kim, Heejung and Jung, Yungbum and Kim, Sunghun and Yi, Kwankeun},
doi = {10.1145/1985793.1985835},
file = {:D$\backslash$:/DocumentsOrganize/Kim et al.{\_}2011{\_}MeCC Memory comparison-based clone detector.pdf:pdf},
isbn = {9781450304450},
issn = {02705257},
journal = {Proceedings - International Conference on Software Engineering},
keywords = {abstract interpretation,clone detection,software maintenance,static analysis},
pages = {301--310},
title = {{MeCC: Memory comparison-based clone detector}},
year = {2011}
}
@article{Jiang2007,
author = {Jiang, Lingxiao and Misherghi, Ghassan and Su, Zhendong and Glondu, St{\'{e}}phane},
doi = {10.1109/ICSE.2007.30},
file = {:D$\backslash$:/DocumentsOrganize/Jiang et al.{\_}2007{\_}DECKARD Scalable and accurate tree-based detection of code clones.pdf:pdf},
isbn = {0769528287},
issn = {02705257},
journal = {Proceedings - International Conference on Software Engineering},
number = {0520320},
pages = {96--105},
title = {{DECKARD: Scalable and accurate tree-based detection of code clones}},
year = {2007}
}
@article{Yu2019,
author = {Yu, Hao and Lam, Wing and Chen, Long and Li, Ge and Xie, Tao and Wang, Qianxiang},
doi = {10.1109/ICPC.2019.00021},
file = {:D$\backslash$:/DocumentsOrganize//Yu et al.{\_}2019{\_}Neural detection of semantic code clones via tree-based convolution.pdf:pdf},
isbn = {9781728115191},
journal = {IEEE International Conference on Program Comprehension},
keywords = {AST,Clone detection,Embedding,Generalization,Lexical information,Semantic clone,Source code,Structural information,Token,Tree-based convolution},
pages = {70--80},
title = {{Neural detection of semantic code clones via tree-based convolution}},
volume = {2019-May},
year = {2019}
}
@article{Sajnani2016,
archivePrefix = {arXiv},
arxivId = {1512.06448},
author = {Sajnani, Hitesh and Saini, Vaibhav and Svajlenko, Jeffrey and Roy, Chanchal K. and Lopes, Cristina V.},
doi = {10.1145/2884781.2884877},
eprint = {1512.06448},
file = {:D$\backslash$:/DocumentsOrganize/Sajnani et al.{\_}2016{\_}SourcererCC Scaling code clone detection to big-code.pdf:pdf},
isbn = {9781450339001},
issn = {02705257},
journal = {Proceedings - International Conference on Software Engineering},
number = {1},
pages = {1157--1168},
title = {{SourcererCC: Scaling code clone detection to big-code}},
volume = {14-22-May-2016},
year = {2016}
}

@article{Kamiya2002,
author = {Kamiya, Toshihiro and Kusumoto, Shinji and Inoue, Katsuro},
file = {:D$\backslash$:/DocumentsOrganize/Kamiya, Kusumoto, Inoue{\_}2002{\_}CCFinder.pdf:pdf},
number = {7},
pages = {3},
title = {{CCFinder}},
volume = {28},
year = {2002}
}
